% This file was created with JabRef 2.7.
% Encoding: UTF-8

@ARTICLE{BS2008,
  author = {Binder, H. and Schumacher, M.},
  title = {Adapting prediction error estimates for biased complexity selection
	in high-dimensional bootstrap samples},
  journal = {Statistical Applications in Genetics and Molecular Biology},
  year = {2008},
  volume = {7},
  number = {1},
  article = {12}
}

@ARTICLE{cox:1972,
  author = {Cox, D.R.},
  title = {Regression models and life tables (with discussion)},
  journal = {Journal of the Royal Statistical Society; Series B},
  year = {1975},
  volume = {74},
  pages = {187--200}
}

@ARTICLE{cox:1975,
  author = {Cox, D.R.},
  title = {Partial likelihood},
  journal = {Biometrika},
  year = {1975},
  volume = {62},
  pages = {269--276}
}

@ARTICLE{FHT2010,
  author = {Jerome Friedman and Trevor Hastie and Robert Tibshirani},
  title = {Regularization Paths for Generalized Linear Models via Coordinate
	Descent},
  journal = {Journal of Statistical Software},
  year = {2010},
  volume = {33},
  pages = {1--22},
  number = {1},
  bdsk-url-1 = {http://www.jstatsoft.org/v33/i01/},
  url = {http://www.jstatsoft.org/v33/i01/}
}

@article{simon2011,
  title={Regularization paths for coxâ€™s proportional hazards model via coordinate descent},
  author={Simon, N. and Friedman, J. and Hastie, T. and Tibshirani, R.},
  journal={Journal of Statistical Software},
  volume={39},
  number={5},
  pages={1--13},
  year={2011}
}

@ARTICLE{graf99,
  author = {Erika Graf and Claudia Schmoor and Willi Sauerbrei and Martin Schumacher},
  title = {Assessment and comparison of prognostic classification schemes for
	survival data},
  journal = {Statistics in Medicine},
  year = {1999},
  volume = {18},
  pages = {2529--2545},
  number = {17-18},
  key = {248}
}

@ARTICLE{Porz2009,
  author = {Porzelius, C. and Binder, H. and Schumacher, M.},
  title = {Parallelized prediction error estimation for evaluation of high-dimensional
	models},
  journal = {Bioinformatics},
  year = {2009},
  volume = {25},
  pages = {827-829},
  number = {6}
}

@MANUAL{R08,
  title = {R: A Language and Environment for Statistical Computing},
  author = {{R Development Core Team}},
  organization = {R Foundation for Statistical Computing},
  address = {Vienna, Austria},
  year = {2008},
  note = {{ISBN} 3-900051-07-0},
  bdsk-url-1 = {http://www.R-project.org},
  url = {http://www.R-project.org}
}

@ARTICLE{schumacher07,
  author = {Martin Schumacher and Harald Binder and Thomas Gerds},
  title = {Assessment of survival prediction models based on microarray data},
  journal = {Bioinformatics},
  year = {2007},
  volume = {23},
  pages = {1768-1774},
  number = {14},
  keywords = {microarray, prediction, survival}
}

@ARTICLE{tibshirani97,
  author = {Tibshirani, Robert},
  title = {The lasso method for variable selection in the {Cox} model},
  journal = {Statistics in Medicine},
  year = {1997},
  volume = {16},
  pages = {385--395}
}

@ARTICLE{tibshirani96,
  author = {Tibshirani, Robert},
  title = {Regression Shrinkage and Selection Via the Lasso},
  journal = {Journal of the Royal Statistical Society, Series B: Methodological},
  year = {1996},
  volume = {58},
  pages = {267--288},
  keywords = {Subset selection}
}

@ARTICLE{zou05,
  author = {Zou, H. and Hastie, T.},
  title = {Regularization and variable selection via the elastic net},
  journal = {Journal of the Royal Statistical Society, Series B},
  year = {2005},
  volume = {67(2)},
  pages = {301--320}
}

